<?xml version="1.0" encoding="UTF-8"?><collection xmlns="http://www.loc.gov/MARC21/slim"><record><leader>00420nam--2200133-i-4500</leader><controlfield tag="001">000048511</controlfield><controlfield tag="002">20161230</controlfield><controlfield tag="005">20161230201047</controlfield><controlfield tag="008">060222s1000------------r-----000-0-eng-d</controlfield><datafield ind1=" " ind2=" " tag="080"><subfield code="a">621.59</subfield></datafield><datafield ind1=" " ind2=" " tag="100"><subfield code="a">Radcenco, Vs</subfield></datafield><datafield ind1=" " ind2=" " tag="245"><subfield code="a">Contributii la studiul proceselor gazotermodinamice din detentoarele cu piston. (autoreferat - teza doctorat)</subfield></datafield><datafield ind1=" " ind2=" " tag="260"><subfield code="a">Bucuresti, Inst.Politehnic, Fac.De Mecanica, 1967, 76p</subfield></datafield><datafield ind1=" " ind2=" " tag="852"><subfield code="a">28253</subfield></datafield></record></collection>